<?xml version="1.0" encoding="UTF-8"?><collection xmlns="http://www.loc.gov/MARC21/slim"><record><leader>00379nam--2200133-i-4500</leader><controlfield tag="001">000031147</controlfield><controlfield tag="002">20161230</controlfield><controlfield tag="005">20161230201038</controlfield><controlfield tag="008">060222s1000------------r-----000-0-eng-d</controlfield><datafield ind1=" " ind2=" " tag="080"><subfield code="a">007</subfield></datafield><datafield ind1=" " ind2=" " tag="100"><subfield code="a">Loeb, Julien/S.A.</subfield></datafield><datafield ind1=" " ind2=" " tag="245"><subfield code="a">La cybernetique.theorie du signal et de l`information</subfield></datafield><datafield ind1=" " ind2=" " tag="260"><subfield code="a">Paris, La Revue D`Optique Theorique Et Instrumentale, 1951. Vi+318p</subfield></datafield><datafield ind1=" " ind2=" " tag="852"><subfield code="a">10678</subfield></datafield></record></collection>